<record><leader>00000cas a2200000 a 4500</leader><controlfield tag="001">10566350</controlfield><controlfield tag="008">840327d18741875iluwr ne      0   a0eng c</controlfield><datafield ind1=" " ind2=" " tag="010"><subfield code="a">sn 84024143 </subfield></datafield><datafield ind1=" " ind2=" " tag="040"><subfield code="a">NPV</subfield><subfield code="b">eng</subfield><subfield code="c">NPV</subfield><subfield code="d">OCL</subfield><subfield code="d">MGN</subfield><subfield code="d">NVF</subfield><subfield code="d">OCLCQ</subfield><subfield code="d">NVF</subfield><subfield code="d">OCLCQ</subfield><subfield code="d">OCLCF</subfield><subfield code="d">NVF</subfield><subfield code="d">OCLCO</subfield></datafield><datafield ind1=" " ind2=" " tag="019"><subfield code="a">10582618</subfield></datafield><datafield ind1="1" ind2=" " tag="029"><subfield code="a">AU@</subfield><subfield code="b">000020333329</subfield></datafield><datafield ind1=" " ind2=" " tag="042"><subfield code="a">pcc</subfield></datafield><datafield ind1=" " ind2=" " tag="043"><subfield code="a">n-us-il</subfield></datafield><datafield ind1="0" ind2="0" tag="245"><subfield code="a">Galena weekly gazette and spirit of the press.</subfield></datafield><datafield ind1="1" ind2="3" tag="246"><subfield code="a">Galena gazette and spirit of the press</subfield></datafield><datafield ind1="1" ind2="0" tag="246"><subfield code="a">Galena gazette</subfield></datafield><datafield ind1=" " ind2=" " tag="260"><subfield code="a">Galena, Ill. :</subfield><subfield code="b">J.B. Brown,</subfield><subfield code="c">1874-1875.</subfield></datafield><datafield ind1=" " ind2=" " tag="300"><subfield code="a">v.</subfield></datafield><datafield ind1=" " ind2=" " tag="310"><subfield code="a">Weekly</subfield></datafield><datafield ind1="0" ind2=" " tag="362"><subfield code="a">Jan. 23, 1874-May 21, 1875.</subfield></datafield><datafield ind1=" " ind2=" " tag="580"><subfield code="a">Formed by the union of: Galena weekly gazette (Galena, Ill. : 1864) and: Spirit of the press (Galena, Ill.).</subfield></datafield><datafield ind1=" " ind2="0" tag="651"><subfield code="a">Galena (Ill.)</subfield><subfield code="v">Newspapers.</subfield></datafield><datafield ind1=" " ind2="7" tag="651"><subfield code="a">Illinois</subfield><subfield code="z">Galena.</subfield><subfield code="2">fast</subfield><subfield code="0">(OCoLC)fst01207075</subfield></datafield><datafield ind1=" " ind2="7" tag="655"><subfield code="a">Newspapers.</subfield><subfield code="2">fast</subfield><subfield code="0">(OCoLC)fst01423814</subfield></datafield><datafield ind1=" " ind2=" " tag="752"><subfield code="a">United States</subfield><subfield code="b">Illinois</subfield><subfield code="c">Jo Daviess</subfield><subfield code="d">Galena.</subfield></datafield><datafield ind1="0" ind2=" " tag="775"><subfield code="t">Galena daily gazette (Galena, Ill. : 1873)</subfield><subfield code="w">(DLC)sn 93055938</subfield><subfield code="w">(OCoLC)28463563</subfield></datafield><datafield ind1="1" ind2="4" tag="780"><subfield code="t">Galena weekly gazette (Galena, Ill. : 1864)</subfield><subfield code="w">(DLC)sn 82015369</subfield><subfield code="w">(OCoLC)8807377</subfield></datafield><datafield ind1="1" ind2="4" tag="780"><subfield code="t">Spirit of the press (Galena, Ill.)</subfield><subfield code="w">(DLC)sn 85033704</subfield><subfield code="w">(OCoLC)12196959</subfield></datafield><datafield ind1="0" ind2="0" tag="785"><subfield code="t">Galena weekly gazette (Galena, Ill. : 1875)</subfield><subfield code="w">(DLC)sn 84024144</subfield><subfield code="w">(OCoLC)10574415</subfield></datafield></record>